<?xml version="1.0" encoding="UTF-8"?><record xmlns="http://www.loc.gov/MARC21/slim" xmlns:cinclude="http://apache.org/cocoon/include/1.0" xmlns:zs="http://www.loc.gov/zing/srw/">
  <leader>00760nz  a2200181n  4500</leader>
  <controlfield tag="001">no2014094155</controlfield>
  <controlfield tag="003">DLC</controlfield>
  <controlfield tag="005">20140718113532.0</controlfield>
  <controlfield tag="008">140716n| azannaabn          |b aaa     c</controlfield>
  <datafield tag="010" ind1=" " ind2=" ">
    <subfield code="a">no2014094155</subfield>
  </datafield>
  <datafield tag="035" ind1=" " ind2=" ">
    <subfield code="a">(OCoLC)oca09908998</subfield>
  </datafield>
  <datafield tag="040" ind1=" " ind2=" ">
    <subfield code="a">CSt-HC</subfield>
    <subfield code="b">eng</subfield>
    <subfield code="e">rda</subfield>
    <subfield code="c">CSt-HC</subfield>
    <subfield code="d">DLC</subfield>
  </datafield>
  <datafield tag="053" ind1=" " ind2="0">
    <subfield code="a">PJ5055.17.O865</subfield>
  </datafield>
  <datafield tag="100" ind1="1" ind2=" ">
    <subfield code="a">Boṭṿiniḳ, Netanʼel</subfield>
  </datafield>
  <datafield tag="400" ind1="1" ind2=" ">
    <subfield code="a">באטוויניק, נתנאל</subfield>
  </datafield>
  <datafield tag="400" ind1="1" ind2=" ">
    <subfield code="a">Baṭviniḳ, Netanʼel</subfield>
  </datafield>
  <datafield tag="667" ind1=" " ind2=" ">
    <subfield code="a">Non-Latin script reference not evaluated.</subfield>
  </datafield>
  <datafield tag="670" ind1=" " ind2=" ">
    <subfield code="a">Boṭṿiniḳ, Netanʼel. Hizdamnut sheniyah, 2013:</subfield>
    <subfield code="b">title page (נתנאל באטוויניק = Netanʼel Boṭṿiniḳ) page 4 of cover, etc. (began this novel when he was in high schoool; lives with his family in a settlement in the Sharon, son of Leybl (Aryeh)</subfield>
  </datafield>
</record>